3159 5300
85 1514 483 1676 Nicon.
531 1377 1175 1659 siri'nnnnms.

254 1781 442 1848 uanram
481 1782 665 1863 quamque
686 1756 865 1859 insignem
890 1756 1100 1855 utilitatem,
1128 1744 1173 1834 acl

310 1894 491 1967 Graecae
508 1888 645 1989 inguae
671 1882 836 1962 indolem
860 1879 1016 1981 penitius
1041 1882 1178 1985 perspi.

301 2013 502 2107 ciendam,
518 2006 652 2090 afferre
662 2006 773 2087 soleat
789 2004 1001 2085 adcuratior
1012 2006 1178 2110 ellipseos

99 2140 282 2249 cognitio
323 2128 449 2230 atque
469 2125 663 2225 dostrina3
677 2126 847 2207 omnibus
867 2126 1034 2223 ejsudem
1056 2132 1178 2215 culto.

102 2267 205 2347 ribus
229 2279 326 2337 non
350 2244 485 2354 potest
505 2268 581 2325 non
596 2244 669 2324 esse
696 2243 886 2346 cognitum
909 2260 1020 2345 atque
1047 2253 1176 2348 expso.

110 2395 256 2459 ratum:
280 2383 335 2450 ut
355 2364 458 2442 adeo
475 2357 599 2440 auum
613 2383 723 2463 agere
746 2361 878 2442 merito
899 2360 1067 2459 uiderer,
1093 2354 1176 2440 srid

120 2488 293 2592 piuribus
306 2488 354 2558 in
374 2455 559 2577 praesenti
580 2468 704 2550 denuo
725 2474 860 2549 uellem
880 2468 1177 2555 commonstrare.

132 2610 257 2714 Quare
291 2610 509 2690 numquam
530 2584 802 2666 intermoritura
827 2584 939 2666 laude
961 2584 1180 2689 dignissimus

132 2720 269 2801 merito
303 2706 519 2792 censendus
545 2703 600 2784 est
634 2703 890 2784 sollertiffimus
921 2706 978 2785 ilie
1016 2703 1178 2816 Mysterii

129 2834 311 2937 Ellipseos
335 2831 505 2905 Graecae
519 2818 768 2923 perscrutator
796 2829 927 2928 Βορῆς,
940 2823 1001 2923 qui
1022 2822 1178 2925 sparsam

133 2978 217 3042 ante
239 2957 277 3035 se
297 2955 366 3035 hic
388 2949 540 3049 illicque
553 2943 768 3024 utilissimam
781 2945 877 3023 hanc
891 2944 1110 3047 dostrinam,
1128 2975 1178 3032 ex

132 3069 292 3169 antiquis
312 3058 497 3143 Graeciae
513 3055 700 3154 thesauris,
719 3054 863 3136 summo
876 3057 997 3140 studio
1014 3085 1177 3163 curaque

134 3182 344 3285 congessit,
378 3198 503 3276 eoque
531 3176 632 3255 sesto
655 3174 795 3254 aditum
817 3174 862 3252 ad
886 3174 1033 3257 intimos
1062 3183 1177 3261 Grae.

153 3301 192 3374 ei
204 3300 377 3378 sermonis
391 3296 554 3377 recessus
567 3295 753 3399 auspicato
769 3293 927 3377 reclusit.
986 3298 1072 3378 Dici
1093 3302 1177 3383 sane

146 3433 239 3487 non
250 3415 382 3513 potest,
409 3427 547 3516 quanto
575 3413 726 3517 plausu,
751 3428 885 3515 quanta
911 3414 1178 3518 adprobatione

144 3525 351 3602 aureolum
361 3531 458 3611 istum
476 3533 665 3624 libellum,
688 3555 798 3633 quam
820 3532 979 3633 primum
995 3534 1034 3612 in
1054 3536 1180 3617 lucem

144 3642 352 3750 publicam
362 3654 493 3750 proiit
518 3654 736 3757 exceperint
752 3679 902 3755 omnes,
923 3656 1055 3758 quibus
1073 3681 1179 3762 prae.

143 3759 387 3840 stantiffimae
408 3763 507 3864 huius
521 3773 665 3877 singure
686 3774 829 3853 cultura
853 3797 964 3853 curae
989 3775 1041 3856 est
1057 3775 1182 3857 cordi-

145 3901 243 3978 quer
281 3877 379 3962 adeo
398 3895 448 3962 ut
464 3889 527 3965 ves
540 3890 719 3992 principes
744 3890 782 3971 in
810 3895 954 3972 Graeca
979 3895 1184 3973 litteratura

142 3995 235 4097 uiri,
266 3994 371 4078 illum
399 4025 477 4086 nou
498 4001 626 4088 dimne
648 4005 767 4088 solum
795 4004 1052 4115 nostumaque
1072 4027 1185 4087 manu

594 4125 702 4222 ’Χῖ
1098 4144 1185 4204 ⁸¹³¹·
