3159 5300
302 660 458 744 ηε,
617 636 971 721 attresrs
1105 626 1117 640 “

297 810 465 889 liberosa
481 818 670 909 parentum
690 828 777 882 cura
796 800 1039 907 abducerent,
1077 832 1124 887 eo
1143 826 1313 903 praetex.

298 938 358 1021 tu,
377 920 478 1021 quod
493 914 685 1018 pecuniam
707 914 805 993 suam
821 920 904 995 Deo
930 916 1119 997 oblationis
1140 924 1224 999 loco
1241 922 1310 1003 de-

300 1038 429 1116 derint.
480 1032 777 1141 Quotiescunque
798 1054 886 1130 ergo
913 1048 1081 1131 parentes
1111 1014 1252 1135 eg'enia
1268 1035 1309 1116 ti.

300 1150 397 1229 beris
415 1149 484 1229 suis
503 1144 632 1245 aliquid
645 1155 828 1244 peterent,
842 1142 1056 1244 exipsorum
1069 1143 1311 1251 irdirudtione,

301 1254 353 1345 ita
366 1263 448 1366 ipsis
460 1263 739 1363 respondebant:
763 1268 888 1360 Δῶςσν,
909 1258 924 1335 ὅ
937 1264 954 1339 ι’
956 1262 989 1339 aiv
1009 1268 1044 1357 ἐξ
1064 1266 1125 1366 ε’μὲ
1136 1272 1316 1377 &dedalrici

304 1390 454 1459 Donum,
479 1372 553 1451 sive
576 1376 715 1455 allatio,
736 1400 799 1477 pao
821 1398 864 1447 aa·
884 1399 933 1450 aaa
947 1382 1042 1477 poffes
1062 1382 1238 1457 utilitatem
1260 1410 1321 1459 ca·

298 1515 386 1598 pere.
433 1483 615 1566 Viderunt
639 1484 890 1585 quamplurimi
913 1510 959 1563 ex
977 1488 1059 1567 viris
1078 1488 1216 1585 doctis,
1230 1492 1319 1570 suba

304 1600 523 1709 audiendum
541 1598 602 1681 liic
625 1602 695 1681 effe
718 1600 869 1703 aliquid,
895 1601 955 1681 sed
974 1606 1071 1685 varie
1091 1609 1187 1687 circa
1212 1612 1317 1690 hunc

303 1728 426 1803 locum
445 1720 523 1800 sunt
540 1716 679 1798 versati.
725 1720 882 1797 Pollrnus
898 1726 1042 1833 spicileg.
1067 1716 1233 1835 Evaagfe.
1249 1754 1309 1821 45.

304 1868 339 1945 p.
360 1850 437 1923 108.
455 1832 542 1911 edit.
564 1822 733 1928 Fabricii,
754 1834 922 1935 ellipticam
941 1846 1114 1917 orationem
1131 1842 1222 1918 hanc
1242 1862 1313 1915 vo-

275 1968 386 2052 tcat,
399 1948 480 2049 ted,
494 1970 586 2049 quae
605 1944 728 2023 omitia
744 1942 828 2045 lint,
847 1966 920 2025 non
934 1948 1077 2031 indicat.
1124 1942 1206 2034 Non
1222 1976 1315 2055 opus

308 2071 380 2165 est,
409 2085 453 2145 ut
489 2064 639 2143 aliomnr
666 2060 854 2139 sententias
886 2064 1038 2163 operose
1075 2068 1315 2173 dispiciamus,

309 2207 420 2286 quum
450 2178 513 2255 illis
542 2173 707 2251 omnibus
742 2172 938 2250 refutandis
968 2182 1091 2255 charta
1118 2186 1235 2263 nostra
1262 2184 1317 2261 ni-

308 2296 419 2371 mium
437 2290 558 2362 lutura
575 2282 617 2356 srt
637 2292 747 2355 curta.
799 2281 963 2377 optimus
988 2288 1091 2379 huius
1112 2294 1181 2367 loc,
1199 2322 1219 2367 a
1238 2288 1316 2371 tm-

306 2400 349 2481 tis
366 2390 650 2499 pervertionibus
674 2386 811 2465 vindex
828 2392 976 2493 exstitit,
1010 2398 1081 2473 Vir
1096 2400 1130 2473 in
1154 2404 1313 2487 orientali

304 2517 498 2597 limatura
516 2498 761 2581 versatiffimus
782 2504 827 2582 G.
848 2508 889 2581 E.
909 2502 1089 2607 Eduardi,
1102 2512 1164 2612 qui
1184 2516 1229 2593 de
1251 2540 1312 2605 eo,

306 2623 461 2718 innotis
487 2618 534 2701 ad
563 2614 758 2697 trattatum
786 2620 1042 2704 Talmudieum
1070 2633 1205 2710 Avoda
1229 2638 1315 2714 Sara

309 2775 342 2829 c,
358 2773 389 2822 2.
403 2765 439 2840 p.
456 2731 595 2834 292.sq.
620 2731 760 2830 prolixe
778 2732 919 2813 tratiat.
946 2735 1122 2818 Nimirum
1146 2744 1315 2840 formula,

310 2880 419 2966 quam
433 2854 471 2931 in
493 2845 680 2926 Pharilieis
695 2851 928 2946 reprehendit
949 2857 1135 2951 Servatur,
1157 2859 1317 2934 desumta

309 2973 362 3054 est
380 2989 429 3044 ex
446 2965 523 3060 jure
539 2953 707 3068 Judaic0,
734 2983 846 3056 quare
864 2983 912 3036 ex
936 2960 1069 3037 eodem
1096 2980 1134 3040 et
1150 2965 1314 3042 illustran-

310 3089 357 3165 da
378 3074 464 3168 erit,
494 3081 532 3144 et
551 3065 755 3166 supplenda.
815 3069 890 3146 Nos
911 3093 933 3145 e
952 3072 1070 3148 multis
1099 3072 1170 3148 aliis
1189 3075 1315 3152 locisa

308 3189 451 3279 laudato
478 3176 648 3260 Eduardo
682 3175 848 3255 adduttis
869 3205 980 3256 unum
1017 3182 1137 3259 saltem
1165 3183 1315 3262 adduci-

310 3335 391 3393 mus
410 3331 459 3386 er
481 3305 599 3385 Aeolo
617 3317 700 3382 Sara
718 3301 780 3382 sol.
797 3325 851 3395 27.
874 3327 900 3378 r.
923 3299 985 3378 ubi
1004 3297 1053 3377 stc
1073 3299 1318 3378 Rabbinistae:

309 3406 408 3494 iura·
443 3399 532 3504 ’isos
571 3433 648 3492 roto
692 3393 806 3494 odron
844 3429 879 3500 tn
907 3429 985 3482 arar
1021 3431 1098 3483 ’auu
1130 3428 1201 3510 pap
1231 3429 1320 3502 pam

311 3509 432 3610 abitura
450 3543 549 3598 niatu
567 3501 651 3594 ’iun
669 3535 760 3588 nom
795 3513 937 3591 Traditio
959 3518 1020 3608 etl.-
1052 3520 1081 3616 ft
1107 3522 1175 3618 quis
1208 3513 1319 3592 dicat:

309 3647 370 3716 Res
386 3639 521 3730 sacrata
540 3623 617 3703 milri
634 3633 717 3722 erit,
736 3621 889 3729 quidquid
915 3627 1065 3704 utilitatis
1090 3629 1133 3703 al
1158 3655 1205 3704 me
1219 3633 1319 3732 pollet

310 3743 488 3828 redundare
508 3744 779 3846 apraapatiatis,
807 3737 892 3830 (ie.
914 3743 1051 3820 Voveo
1071 3763 1131 3820 me
1148 3743 1232 3822 nihil
1248 3745 1319 3822 uti-

310 3853 416 3940 ltatis
448 3843 521 3930 erte
557 3863 818 3952 percepturum
849 3873 898 3929 ex
922 3854 1166 3958 praeputiatis)
1188 3863 1216 3933 ei
1243 3855 1319 3930 licet

313 3963 506 4048 comdant
522 3969 684 4066 percipere
707 3985 752 4038 ex
771 3973 986 4068 praeputiatis
1008 3967 1177 4066 israelitis,
1199 3977 1235 4038 at
1253 3984 1315 4034 aaa

314 4072 482 4165 daila
495 4065 663 4182 ¹pttc'pete
683 4096 729 4150 ex
755 4080 938 4184 cicumcipa
953 4079 1109 4192 gentilia
1159 4075 1216 4158 Ex
1239 4070 1315 4150 hoe

1277 4197 1318 4263 et
