3159 5300
406 698 869 791 cunctatio.

130 866 518 967 maticespraeeepta,
544 890 620 943 eam
635 864 711 941 sere
730 861 888 941 omnium
903 877 1038 939 vocum
1050 880 1145 961 grae·

131 1003 283 1061 carum
303 980 399 1080 rim„
419 1002 506 1079 -quae
529 980 568 1055 in
584 974 727 1055 Lexicis
751 974 919 1068 traditur,
951 970 1067 1073 probe
1090 968 1144 1049 in·

136 1094 358 1191 tellenlle,
379 1112 611 1193 cetetonem,
642 1116 726 1195 quae
752 1090 983 1173 adnattuam
1007 1118 1146 1195 graecae

144 1211 294 1310 linguae
310 1209 499 1307 pertinent,
516 1210 699 1309 ignorall'e.
765 1205 861 1313 Quia
885 1226 1007 1305 graeca
1032 1212 1148 1309 lngua

147 1356 221 1409 ura
237 1350 320 1403 cum
336 1327 440 1405 latina
451 1318 598 1431 prtip'rie
611 1327 706 1406 inter
728 1350 787 1403 eas
816 1329 951 1427 linguas
974 1327 1149 1426 pertinet,

134 1472 236 1550 quae
259 1446 410 1523 eruditae
429 1468 506 1522 non
530 1444 638 1521 loram
662 1446 857 1545 habentur,
879 1469 1006 1523 verum
1041 1444 1150 1523 etiam

128 1566 246 1659 sunt,
270 1562 342 1637 boc
361 1557 437 1653 est,
469 1555 570 1637 inter·
584 1555 759 1649 eiusmodi
785 1554 937 1658 linguas,
964 1577 1050 1657 quae
1076 1554 1150 1635 stne

129 1702 289 1784 magnae
310 1674 526 1756 eruditionis
543 1674 741 1777 praefinio,
764 1672 842 1753 -stne
866 1676 1070 1779 cognitione
1096 1672 1150 1755 bi·

128 1802 266 1885 storiae
287 1794 445 1886 veteris,
460 1790 590 1869 rituum
607 1796 645 1868 e't
657 1791 865 1891 opinionum
884 1793 966 1872 olim
984 1806 1151 1895 recepta

128 1948 251 2017 rum,
285 1923 360 1997 imo
381 1913 465 1993 stne.
477 1910 716 2012 pbilosopbiae
738 1916 872 1992 veteris
890 1934 928 1995 ct
948 1912 1151 2018 grammati·

137 2073 212 2127 ces
232 2037 448 2123 sublimioris
460 2049 626 2143 accurata
644 2033 770 2114 notitia
785 2036 929 2139 intelligi
951 2058 1155 2145 nequeunt3

139 2166 261 2249 hand
281 2155 390 2233 dubie
400 2156 495 2255 longe
512 2146 661 2253 maiori,
681 2178 787 2254 quam
801 2144 883 2235 tsol'o
895 2140 1155 2245 vocabulorum

160 2296 342 2380 apparato,
363 2266 422 2366 iis,
452 2264 513 2369 qui
539 2266 585 2347 ad
607 2268 758 2367 aliquam
778 2267 920 2349 laudem
954 2296 1157 2373 graecarum

137 2394 326 2477 literarum
343 2380 542 2485 adspirant,
563 2405 656 2479 opus
671 2380 732 2459 cst.
793 2378 935 2461 ldcirco
950 2409 1021 2464 non
1033 2386 1087 2479 ili,
1101 2384 1158 2464 so.

134 2514 217 2591 lum
232 2507 330 2584 bene
349 2497 398 2575 de
418 2495 552 2596 graccis
569 2493 678 2571 literis
693 2508 895 2593 metentur,
922 2495 983 2595 qui
1009 2521 1154 2599 graeco.

136 2657 230 2712 rum
250 2630 417 2705 ceterum
435 2614 637 2717 historiam,
669 2613 912 2716 antiquitates,
943 2616 1058 2719 ritus,
1079 2606 1156 2722 opl'.

148 2750 300 2837 niones,
325 2753 461 2831 cotera,
494 2731 567 2811 slve
596 2735 632 2810 in
662 2733 729 2810 suis
749 2729 795 2806 ad
822 2729 969 2833 graecos'
992 2733 1159 2820 autores

156 2851 476 2950 observationibus,
502 2845 576 2924 slve
596 2843 699 2922 editis
717 2844 953 2945 peculiaribus
968 2847 1077 2942 libn's,
1096 2870 1160 2926 ex.

143 2982 306 3083 plicant3
334 2964 579 3046 verumetiam
593 2959 908 3054 lurovpnannrsrnv
923 2960 1060 3042 utilitati
1073 2989 1157 3044 con·

138 3098 285 3188 solunt,
309 3082 371 3187 qui
392 3077 591 3158 difficiliora
611 3071 783 3173 simulque
813 3077 922 3176 vulgo
944 3077 1164 3179 neglcitiora

136 3202 404 3316 grammatices
430 3194 568 3292 capita,
591 3185 795 3288 cujusmodi
817 3189 891 3265 hoc
908 3187 955 3266 de
972 3191 1162 3297 ellipstest,

85 3361 91 3418 l
131 3353 188 3410 ex
212 3318 372 3402 instituto
396 3305 566 3388 tractant.

196 3483 384 3580 Quantum
405 3462 605 3560 adiumenti
625 3458 671 3538 ad
690 3478 834 3562 graecos
852 3454 1167 3546 austoresrettiur

153 3601 203 3664 et
218 3586 459 3687 intelligendos
488 3600 526 3661 et
549 3580 768 3658 enarrandos
801 3573 965 3655 dottrina
995 3576 1165 3677 ellipstum

139 3705 322 3794 adserat,
351 3723 518 3806 quantum
541 3727 633 3782 vero
660 3700 697 3777 in
726 3697 1001 3799 interpretandis
1035 3699 1163 3780 iisdem

135 3818 393 3922 scriptoribus
401 3823 601 3904 ltallucinati
617 3819 772 3917 suerint,
800 3841 934 3898 vocum
960 3820 1165 3903 omiffmttm

140 3941 287 4042 ignari,
325 3955 398 4017 aut
417 3960 510 4023 certe
535 3971 606 4026 non
632 3943 712 4022 satis
744 3940 897 4040 cun'ofi,
927 3945 1001 4021 boc
1027 3943 1166 4048 aliquot

142 4048 331 4150 exemplis
351 4047 464 4152 vicit,
477 4050 513 4130 in
528 4057 701 4154 praemilla
721 4059 807 4136 huic
820 4058 937 4152 libello
951 4060 1164 4160 praelatione

139 4163 374 4246 Lambssos.
428 4173 523 4270 Sunt
541 4169 743 4254 ao'manum
764 4174 966 4273 permulta,
1010 4195 1096 4275 quae
1126 4169 1167 4251 iis

137 4284 312 4386 “dicere
332 4290 533 4396 poliemus,
551 4313 676 4374 verum
690 4315 736 4371 ne
750 4288 1169 4402 nimiivideamur,pau-

1117 4408 1169 4468 ets
