3159 5300
516 372 1043 521 1111111111ος·
1121 446 1137 472 ·-

267 538 641 697 ·eommendationem
665 611 702 675 et
722 599 871 701 gratiam
902 626 1012 683 novae
1036 603 1180 712 hujusce
1212 609 1290 689 edi

288 708 394 790 tionis
407 714 565 794 consem
576 715 707 815 aliqud
725 720 849 809 posset
897 723 1085 803 Precibus
1075 724 1290 826 rgrttuhbra

287 830 350 928 ni,
375 830 572 934 cupientis,
594 851 635 913 ut
657 835 764 915 etiam
789 864 884 918 nunc
906 841 965 920 hic
987 841 1121 922 libellus
1151 859 1290 943 partem

288 951 438 1063 aliquam
454 953 696 1061 notiraopera
722 960 901 1057 pleniora
963 963 1091 1057 iorque
1111 962 1293 1062 prodiret,

289 1065 408 1144 deess'e
428 1067 612 1145 noluimus.
667 1072 716 1147 Et
735 1094 781 1148 eo
802 1068 928 1162 studio
943 1095 984 1146 us
1006 1073 1080 1150 hoc
1104 1073 1294 1173 negotium

286 1179 520 1286 suscepimus,
549 1179 648 1287 quod
679 1186 812 1260 multos
837 1184 1030 1284 dottores,
1060 1206 1197 1282 eosque
1218 1208 1293 1260 non

287 1295 401 1379 infimi
416 1295 568 1399 ordinis,
594 1299 753 1379 nonime
769 1302 885 1380 caussa
903 1304 1119 1401 permultum
1142 1300 1227 1378 huic
1243 1302 1291 1376 de

287 1404 416 1513 1111ρῇ
432 1432 568 1511 graeca
592 1410 792 1492 soterum
805 1408 964 1491 tribuere
1000 1412 1290 1514 intelligebamus,

289 1531 403 1640 Quod
427 1529 454 1608 11
475 1531 521 1609 illi
542 1555 681 1647 graecae
696 1533 853 1653 linguae
844 1534 1023 1634 ingenium
1040 1536 1137 1613 nosse
1161 1545 1290 1631 putan-

287 1651 325 1728 di
343 1649 473 1778 essent,
495 1633 781 1748 quiimmensam
785 1640 1095 1726 vocabulorum
1062 1673 1137 1726 mm
1154 1645 1203 1724 ita
1214 1669 1291 1723 me

288 1763 402 1844 moria
419 1778 564 1861 tenent,
588 1780 629 1840 ut
638 1786 780 1865 quae
776 1760 907 1859 visillis
924 1758 1291 1860 [ttetpotestassubje-

288 1878 364 1980 sta,
384 1879 456 1958 fine
471 1821 712 1991 haesitatione,
735 1895 843 1975 atque
865 1880 938 1957 sane
951 1886 1022 1960 ulla
1040 1908 1144 1962 mora
1160 1883 1291 1982 perspi.

286 2000 402 2107 ciant,
436 1994 595 2097 et·quas1
620 1997 658 2074 in
676 2009 867 2073 numerato
898 1998 1078 2098 habeant;
1125 2001 1294 2101 profesio

286 2144 413 2221 omnes
439 2118 486 2199 1111
513 2114 691 2216 iuventuti
715 2114 878 2215 injuriam
898 2117 1152 2220 injungerent,
1182 2123 1295 2217 eique

285 2258 426 2333 temere
447 2248 643 2339 repraeter
660 2233 905 2315 necessitatem
928 2236 1124 2316 molestiam
1147 2228 1295 2317 exhibe·

240 2435 242 2439 ,
284 2376 386 2461 rent,
412 2357 474 2460 qui
494 2380 587 2449 eam,
602 2356 648 2434 ad
663 2354 765 2459 aiios,
786 2381 895 2458 quam
922 2358 968 2436 ad
993 2359 1149 2457 Lernen,
1184 2357 1294 2434 libros

285 2480 540 2580 amandarent,
567 2499 711 2577 egoque
737 2475 904 2556 omnibus
930 2476 1142 2560 dottoribus
1167 2472 1295 2557 auttor

285 2595 415 2698 essem,
438 2585 937 2702 ut,-quicquidteiiquon1m
956 2588 1129 2670 librorum
1150 2590 1223 2688 est,
1246 2583 1295 2662 de

283 2733 481 2814 puerorum
500 2704 670 2792 manibus
695 2717 932 2805 excuterent,
967 2708 1295 2808 denunciaremque

282 2820 503 2919 identidem,
527 2818 608 2913 splis
622 2816 764 2893 Lexicis
786 2842 855 2895 nos
872 2819 945 2895 eise
968 2832 1158 2918 contentos
1179 2821 1292 2900 debe-

282 2971 346 3047 re,
366 2937 614 3022 eeteristibris
632 2935 827 3040 deellipfi,
856 2937 904 3017 de
924 2942 1045 3021 verbis
1058 2941 1211 3044 mediis,
1243 2945 1291 3017 de

280 3062 467 3150 idiotismis
488 3072 626 3162 groecae
642 3057 795 3160 linguae,
818 3058 866 3136 de
890 3060 1091 3164 particulis,
1126 3079 1165 3142 et
1186 3060 1293 3163 siqui

278 3189 360 3270 sum
378 3181 457 3280 aiii,
477 3173 783 3277 supersedendum
806 3178 889 3256 esse.
948 3180 1074 3276 Nunc,
1097 3194 1140 3259 ut
1157 3194 1292 3259 nortmt

280 3317 410 3380 omnes
428 3289 547 3392 paullo
566 3285 814 3385 humaniores,
858 3286 950 3367 ratio
979 3288 1135 3386 cuiusvis
1160 3290 1295 3391 linguae

279 3412 356 3494 sere
377 3408 427 3490 ’ua
453 3417 662 3505 comparata
680 3403 749 3501 est,
780 3416 823 3483 ut
846 3430 956 3504 quam
983 3407 1182 3493 minimam,
1203 3407 1294 3486 illius

279 3530 421 3623 partem
438 3512 669 3614 isinteiligat,
694 3511 756 3613 qui
775 3515 955 3594 vocabula
975 3513 1147 3594 duntaxat
1165 3509 1290 3595 intelli-

278 3634 340 3737 git.
385 3634 508 3731 ltaque
527 3626 607 3708 satis
623 3628 743 3708 mirari
769 3656 845 3710 non
873 3635 1032 3732 possum,
1060 3646 1099 3713 et
1126 3632 1289 3711 inventos

276 3742 398 3844 iuiiie,
421 3756 460 3820 et
471 3766 568 3822 nunc
582 3741 753 3842 inveniri,
780 3744 843 3846 qui
863 3770 928 3826 eos
951 3772 1019 3849 pro
1041 3747 1169 3845 linguae
1190 3764 1289 3840 grae.

278 3887 338 3947 cae
354 3861 563 3965 peritissimis
579 3864 789 3965 venditent,
815 3888 863 3945 ex
880 3890 1036 3968 quorum
1054 3857 1290 3959 scriptisnihil

280 3983 374 4064 aliud
383 3980 557 4086 soligo,
573 4007 684 4087 quam
699 4012 764 4070 eos
778 4002 917 4088 praeter
928 3979 1154 4071 elementaris
1168 4004 1290 4110 gram

378 4159 406 4171 ·-
1183 4090 1291 4182 mii·
