3159 5300
407 456 885 543 PRAEFATIO.-¹

115 625 162 711 in
181 626 264 708 illis
282 618 494 726 muniis,
515 622 636 727 qni‘in
652 623 873 704 nomitatim
896 626 1055 704 absolute
1080 622 1154 705 stn'e

122 747 270 828 uerbo
289 754 480 844 ponuntur,
497 756 539 821 et
556 766 627 845 pto
645 741 809 845 genitivis
829 741 1011 843 absolutis,
1032 744 1154 825 nostra

131 859 310 961 quidem
330 852 759 963 sententia,adhibenttu,
785 874 891 962 putet
908 859 1050 964 intelligi
1067 884 1151 941 ver·

139 980 239 1055 bum
257 969 508 1055 substantivum
521 974 644 1077 posse3
664 976 765 1074 iuvat
779 973 943 1053 breviter
958 1000 1151 1089 exponere,
1238 976 1249 1027 '-

142 1122 246 1177 atra
266 1098 371 1175 nobis
383 1072 581 1201 impeti&
596 1118 832 1197 nequeamus,
849 1110 891 1174 ut
906 1097 997 1175 illam
1015 1097 1154 1180 senten.

131 1217 223 1297 tiam
237 1218 454 1319 probemus.
499 1212 643 1329 lleqnis
651 1213 759 1317 igitur
772 1228 931 1315 temere,
950 1217 1154 1298 atentisui'-

126 1340 182 1416 ris
196 1362 266 1416 nos
279 1335 468 1417 diffennre
489 1324 679 1433 eaillini'et,
704 1357 771 1436 age
791 1334 916 1437 paucis
934 1337 1078 1440 accipe,
1100 1325 1152 1425 ies·

128 1456 242 1560 (tor,
277 1457 415 1562 quibus
447 1454 659 1559 potiimtum
686 1454 883 1535 notioribus
913 1442 1150 1541 confidamus·

127 1568 1151 1677 Primumquemndmodumoptimigraecommsoiptol

131 1718 222 1773 rum
233 1718 316 1772 non
335 1690 532 1773 abhorrent
551 1689 716 1768 adativis
729 1703 768 1767 et
783 1690 992 1771 accusativis
1014 1691 1152 1775 absolu.

134 1812 212 1892 tis:
231 1812 287 1891 ita
305 1833 374 1889 nec
399 1808 636 1888 nominativos
664 1805 844 1887 absolutos
869 1807 978 1911 genio
1012 1832 1152 1911 guaecae

142 1925 288 2025 lingttae
307 1924 514 2028 repugnate,
540 1936 682 2001 certum
696 1923 885 2001 habemus?
933 1926 1153 2033 Quteenini,

157 2039 295 2139 qnaem,
315 2040 446 2121 idonea
465 2037 558 2118 ratio
576 2038 685 2129 esset,
704 2062 772 2116 cnr
787 2036 865 2140 quis
879 2036 1020 2119 dativos
1041 2053 1079 2118 et
1092 2063 1154 2118 ac·

143 2155 319 2241 cusativos
341 2155 636 2260 consequentiae,
664 2181 741 2235 non
768 2169 889 2236 autem
903 2157 1154 2240 nominativos

134 2273 382 2355 admitteret?
404 2271 496 2353 Dari
518 2284 637 2349 autem
651 2271 760 2371 tales,
783 2268 1155 2374 tam'·datiuos,qnam

140 2394 390 2490 accusativos,
412 2386 567 2470 ostendit
588 2388 752 2499 Syiburg.
776 2384 822 2464 ad
847 2387 990 2466 Pausan.
1021 2411 1057 2491 p.
1070 2374 1152 2497 930}

151 2536 235 2604 931·
276 2512 449 2610 Exempla
462 2504 747 2589 accusativorum
763 2500 1033 2607 consequentiae
1044 2509 1155 2589 habes

153 2623 260 2704 enam
282 2622 381 2727 apud
405 2626 570 2728 Xenopib
591 2632 791 2723 Ἀπομνημον.
808 2620 851 2699 ii
880 2643 913 2697 c.
932 2648 965 2700 2.
987 2629 1088 2716 §.13.
1117 2634 1156 2700 et

144 2766 179 2821 c.
198 2757 276 2840 Μ
297 2767 329 2838 3.
402 2741 500 2854 Quid
521 2739 641 2843 siquis
666 2739 783 2841 dicat,
808 2736 846 2817 in
871 2733 1079 2815 accusativis
1095 2737 1159 2816 illis

136 2859 312 2941 absolutis
334 2856 636 2942 subaudiendum
651 2856 724 2934 esse
744 2854 905 2951 μαθόντες.
931 2855 992 2931 vel
1025 2857 1157 2953 paesi,

135 2999 198 3064 aut
217 2979 356 3073 sitient,
380 2981 443 3057 vel
460 2976 573 3063 sibit?
595 2969 679 3051 ldfi
699 2972 815 3075 dieat,
838 2997 911 3051 non
925 2969 1037 3051 solum
1057 2971 1158 3052 istam

137 3101 273 3206 ellipsm
286 3099 458 3180 omnibus
469 3094 562 3176 locis
575 3091 771 3173 convenire
783 3090 1014 3195 negabimus,
1029 3089 1158 3172 verum

141 3219 250 3292 etiam
274 3213 419 3293 dativos
443 3203 713 3307 consequentiae
731 3204 966 3309 urgebimus,
991 3196 1055 3277 nin
1080 3201 1158 3305 coi,

156 3322 260 3400 etiam
267 3326 303 3401 in
318 3324 373 3404 his
393 3317 531 3422 ellipsm
549 3315 702 3420 aliquam
714 3338 751 3392 v.
775 3338 808 3392 c.
827 3306 1089 3413 praeposnionis
1106 3310 1158 3388 cul

147 3424 377 3537 coniungere,
396 3438 608 3516 inmentem
624 3429 754 3510 veniat
805 3430 968 3519 Vnum,
980 3424 1160 3505 utlibera'-

141 3547 238 3629 liter
254 3565 413 3649 agamus,
434 3547 606 3628 novimus
618 3567 765 3644 omnes,
779 3537 1160 3644 quastntintergram„

143 3659 310 3745 maticos
335 3655 538 3743 autoritate
555 3663 761 3773 Sylburgius
783 3673 823 3739 et
849 3657 1040 3760 Kustems,
1069 3684 1160 3760 quo·

138 3801 230 3859 mm
250 3788 389 3856 neuter
407 3779 639 3862 nommativos
666 3773 936 3879 consequentiae
968 3772 1160 3858 admittere

141 3892 300 3974 dubitat
369 3895 436 3976 nte
459 3892 640 3978 nobiscum
666 3893 770 3977 sentit
792 3890 840 3971 ad
870 3888 1012 3973 Pausan.
1046 3890 1159 3968 Attio

1061 4024 1093 4078 c.
1107 4025 1158 4096 ¹4·
